%YAML 1.1
%TAG !u! tag:unity3d.com,2011:
--- !u!114 &2730176188854478235
MonoBehaviour:
  m_ObjectHideFlags: 0
  m_CorrespondingSourceObject: {fileID: 0}
  m_PrefabInstance: {fileID: 0}
  m_PrefabAsset: {fileID: 0}
  m_GameObject: {fileID: 6242030886813691242}
  m_Enabled: 1
  m_EditorHideFlags: 0
  m_Script: {fileID: 11500000, guid: 31f9e9471df24ef4bac20aeefb4b6c27, type: 3}
  m_Name: 
  m_EditorClassIdentifier: 
  maxHealth: 10
--- !u!1 &8919827050520268691
GameObject:
  m_ObjectHideFlags: 0
  m_CorrespondingSourceObject: {fileID: 0}
  m_PrefabInstance: {fileID: 0}
  m_PrefabAsset: {fileID: 0}
  serializedVersion: 6
  m_Component:
  - component: {fileID: 3698839805933017755}
  - component: {fileID: 9147706687344850009}
  - component: {fileID: 7799932404044857516}
  m_Layer: 0
  m_Name: Sphere (1)
  m_TagString: Untagged
  m_Icon: {fileID: 0}
  m_NavMeshLayer: 0
  m_StaticEditorFlags: 0
  m_IsActive: 1
--- !u!4 &3698839805933017755
Transform:
  m_ObjectHideFlags: 0
  m_CorrespondingSourceObject: {fileID: 0}
  m_PrefabInstance: {fileID: 0}
  m_PrefabAsset: {fileID: 0}
  m_GameObject: {fileID: 8919827050520268691}
  m_LocalRotation: {x: 0, y: 0, z: 0, w: 1}
  m_LocalPosition: {x: 0, y: 0, z: 0.5}
  m_LocalScale: {x: 0.70586, y: 0.70586, z: 0.70586}
  m_Children: []
  m_Father: {fileID: 6242030886813691252}
  m_RootOrder: 1
  m_LocalEulerAnglesHint: {x: 0, y: 0, z: 0}
--- !u!33 &9147706687344850009
MeshFilter:
  m_ObjectHideFlags: 0
  m_CorrespondingSourceObject: {fileID: 0}
  m_PrefabInstance: {fileID: 0}
  m_PrefabAsset: {fileID: 0}
  m_GameObject: {fileID: 8919827050520268691}
  m_Mesh: {fileID: 10207, guid: 0000000000000000e000000000000000, type: 0}
--- !u!23 &7799932404044857516
MeshRenderer:
  m_ObjectHideFlags: 0
  m_CorrespondingSourceObject: {fileID: 0}
  m_PrefabInstance: {fileID: 0}
  m_PrefabAsset: {fileID: 0}
  m_GameObject: {fileID: 8919827050520268691}
  m_Enabled: 1
  m_CastShadows: 1
  m_ReceiveShadows: 1
  m_DynamicOccludee: 1
  m_MotionVectors: 1
  m_LightProbeUsage: 1
  m_ReflectionProbeUsage: 1
  m_RayTracingMode: 2
  m_RayTraceProcedural: 0
  m_RenderingLayerMask: 1
  m_RendererPriority: 0
  m_Materials:
  - {fileID: 10303, guid: 0000000000000000f000000000000000, type: 0}
  m_StaticBatchInfo:
    firstSubMesh: 0
    subMeshCount: 0
  m_StaticBatchRoot: {fileID: 0}
  m_ProbeAnchor: {fileID: 0}
  m_LightProbeVolumeOverride: {fileID: 0}
  m_ScaleInLightmap: 1
  m_ReceiveGI: 1
  m_PreserveUVs: 0
  m_IgnoreNormalsForChartDetection: 0
  m_ImportantGI: 0
  m_StitchLightmapSeams: 1
  m_SelectedEditorRenderState: 3
  m_MinimumChartSize: 4
  m_AutoUVMaxDistance: 0.5
  m_AutoUVMaxAngle: 89
  m_LightmapParameters: {fileID: 0}
  m_SortingLayerID: 0
  m_SortingLayer: 0
  m_SortingOrder: 0
  m_AdditionalVertexStreams: {fileID: 0}
--- !u!1001 &4302219262692220994
PrefabInstance:
  m_ObjectHideFlags: 0
  serializedVersion: 2
  m_Modification:
    m_TransformParent: {fileID: 0}
    m_Modifications:
    - target: {fileID: 7860095974945262888, guid: a7174b19722f0064f84cc37a932c6910, type: 3}
      propertyPath: m_Name
      value: StationaryEnemy Variant
      objectReference: {fileID: 0}
    - target: {fileID: 7860095974945262902, guid: a7174b19722f0064f84cc37a932c6910, type: 3}
      propertyPath: m_RootOrder
      value: 0
      objectReference: {fileID: 0}
    - target: {fileID: 7860095974945262902, guid: a7174b19722f0064f84cc37a932c6910, type: 3}
      propertyPath: m_LocalPosition.x
      value: 6.28
      objectReference: {fileID: 0}
    - target: {fileID: 7860095974945262902, guid: a7174b19722f0064f84cc37a932c6910, type: 3}
      propertyPath: m_LocalPosition.y
      value: 1.1183269
      objectReference: {fileID: 0}
    - target: {fileID: 7860095974945262902, guid: a7174b19722f0064f84cc37a932c6910, type: 3}
      propertyPath: m_LocalPosition.z
      value: 0
      objectReference: {fileID: 0}
    - target: {fileID: 7860095974945262902, guid: a7174b19722f0064f84cc37a932c6910, type: 3}
      propertyPath: m_LocalRotation.w
      value: 1
      objectReference: {fileID: 0}
    - target: {fileID: 7860095974945262902, guid: a7174b19722f0064f84cc37a932c6910, type: 3}
      propertyPath: m_LocalRotation.x
      value: 0
      objectReference: {fileID: 0}
    - target: {fileID: 7860095974945262902, guid: a7174b19722f0064f84cc37a932c6910, type: 3}
      propertyPath: m_LocalRotation.y
      value: 0
      objectReference: {fileID: 0}
    - target: {fileID: 7860095974945262902, guid: a7174b19722f0064f84cc37a932c6910, type: 3}
      propertyPath: m_LocalRotation.z
      value: 0
      objectReference: {fileID: 0}
    - target: {fileID: 7860095974945262902, guid: a7174b19722f0064f84cc37a932c6910, type: 3}
      propertyPath: m_LocalEulerAnglesHint.x
      value: 0
      objectReference: {fileID: 0}
    - target: {fileID: 7860095974945262902, guid: a7174b19722f0064f84cc37a932c6910, type: 3}
      propertyPath: m_LocalEulerAnglesHint.y
      value: 0
      objectReference: {fileID: 0}
    - target: {fileID: 7860095974945262902, guid: a7174b19722f0064f84cc37a932c6910, type: 3}
      propertyPath: m_LocalEulerAnglesHint.z
      value: 0
      objectReference: {fileID: 0}
    m_RemovedComponents:
    - {fileID: 1214593227943244975, guid: a7174b19722f0064f84cc37a932c6910, type: 3}
  m_SourcePrefab: {fileID: 100100000, guid: a7174b19722f0064f84cc37a932c6910, type: 3}
--- !u!1 &6242030886813691242 stripped
GameObject:
  m_CorrespondingSourceObject: {fileID: 7860095974945262888, guid: a7174b19722f0064f84cc37a932c6910, type: 3}
  m_PrefabInstance: {fileID: 4302219262692220994}
  m_PrefabAsset: {fileID: 0}
--- !u!4 &6242030886813691252 stripped
Transform:
  m_CorrespondingSourceObject: {fileID: 7860095974945262902, guid: a7174b19722f0064f84cc37a932c6910, type: 3}
  m_PrefabInstance: {fileID: 4302219262692220994}
  m_PrefabAsset: {fileID: 0}
